@book{wright1982rating,
  title={Rating scale analysis},
  author={Wright, Benjamin D and Masters, Geofferey N},
  year={1982},
  publisher={MESA press}
}

